1962 3026
374 537 450 574 bus
476 537 527 574 sit
547 537 827 584 perspicuum,
859 537 1032 574 maxime
1060 551 1119 575 ex
1149 538 1230 575 illis
1271 500 1362 586 q'ui·
1386 538 1424 575 in

377 611 511 651 partes
539 602 694 651 aliquid
725 603 942 651 disputent,
973 603 1195 641 Socratem.
1209 616 1287 641 non
1319 601 1458 648 modo
1453 586 1544 673 in·
1591 653 1594 656 Δ

372 668 578 716 captiones
608 669 673 717 phi
679 669 937 742 losophorum
969 669 1167 707 discutere
1198 682 1244 734 ac
1274 681 1392 717 saepe
1422 681 1535 720 per
1542 670 1673 713 i

374 803 439 839 via
468 802 518 839 ad
547 815 620 839 sua
651 809 861 849 praecepta
891 801 1088 849 progredi.
1134 801 1236 839 Cum
1282 813 1379 839 vero
1421 799 1569 850 dialogi

371 866 622 919 (νωριστικοέ
664 880 714 904 ex
755 867 985 904 Aristotelis
1014 869 1079 914 (1)
1110 867 1345 914 partitione
1360 868 1549 926 appellari

373 942 480 977 sunt,
511 941 595 970 tum
627 933 746 970 etiam
778 933 845 981 qui
879 932 1084 984 ζητητικοῖ
1113 928 1380 982 appellantur,
1409 934 1533 982 quod
1537 923 1598 972 So

374 1009 434 1037 tes
463 1000 596 1041 sentit,
627 999 730 1036 clare
773 1008 896 1041 atque
935 999 1144 1036 evidenter
1186 999 1403 1037 ostendunt
1436 1007 1485 1041 et
1510 1000 1573 1037 de
1601 1036 1620 1052 Ι,

374 1074 515 1102 strant.
548 1066 636 1102 Hoc
666 1073 797 1102 tamen
829 1066 878 1101 de
909 1065 1130 1101 Menexeno
1168 1065 1377 1103 adfirmare
1397 1065 1631 1116 nequimus„

374 1132 552 1169 Socratis
583 1132 790 1169 funebrem
822 1131 1044 1168 orationem
1071 1139 1195 1168 totam
1217 1131 1375 1179 generis
1394 1131 1619 1179 epidicticij'

371 1206 573 1244 pravatam
607 1198 867 1234 imitationem
899 1210 986 1233 esse
1006 1197 1259 1238 arbitramur,
1280 1210 1398 1245 quam
1430 1198 1581 1245 antiqui

371 1265 666 1310 conspexerint.
699 1264 751 1299 At
783 1263 976 1298 Luchaire
1005 1264 1069 1310 (2)
1099 1262 1286 1308 opinatur
1307 1263 1525 1304 Platonem.
1545 1253 1624 1316 sisi?

374 1342 450 1375 gus
471 1329 599 1365 iocum
626 1328 903 1368 intellexisset.
927 1328 1075 1364 rustice
1092 1327 1128 1363 in
1148 1328 1316 1364 iocando
1331 1328 1530 1365 dicturum
1548 1327 1601 1365 sui

375 1396 478 1431 Num
511 1394 633 1440 igitur
665 1394 812 1441 vulgus
841 1401 898 1430 est
931 1401 1013 1430 tota
1043 1393 1342 1430 Atheniensium
1383 1392 1536 1434 civitas.
1570 1382 1632 1443 qu

371 1460 588 1497 orationem
621 1460 836 1509 quotannis
868 1459 1117 1507 pronunciari
1142 1459 1267 1503 iussit,
1290 1451 1622 1512 Hyperidesqu'et„

371 1540 459 1564 eam
494 1527 674 1564 imitatus
704 1527 796 1564 est?
1592 1513 1597 1520 ι

483 1593 596 1630 Plato
624 1601 756 1629 autem
790 1605 867 1629 non
901 1592 1019 1630 modo
1050 1593 1198 1630 facetiis
1226 1600 1264 1630 et
1304 1592 1430 1630 ironia
1473 1591 1609 1636 utitur,

343 1659 619 1696 ‘adversarios
649 1667 814 1701 evertat,
834 1659 870 1695 in
902 1659 1071 1706 dialogis
1101 1659 1246 1707 quibus
1277 1659 1518 1705 praesertim
1529 1659 1590 1711 de
1601 1672 1619 1696 r

371 1734 501 1761 torum
533 1737 579 1761 ac
608 1724 875 1772 sophistarum
907 1732 992 1760 arte
1021 1718 1210 1772 disputet.
1242 1725 1282 1761 In
1315 1724 1466 1772 Gorgia
1486 1737 1576 1785 cum
1599 1737 1617 1762 r

372 1790 537 1827 toricarn
571 1802 695 1828 artem
727 1790 899 1838 speciem
933 1799 1085 1827 tantum
1131 1791 1277 1828 habere
1320 1780 1553 1838 sapientiae,
1595 1798 1616 1840 t

371 1858 490 1893 etiarn
525 1857 817 1905 philosophiam
849 1857 1015 1903 dignius
1044 1870 1129 1893 esse
1160 1869 1305 1894 munus
1333 1857 1554 1894 disseritur.
1572 1856 1632 1909 :D
1681 1852 1688 1855 Ἴ
1717 1852 1726 1871 “’

372 1923 468 1971 logo
497 1923 563 1971 qui
596 1924 714 1960 Meno
744 1922 972 1960 inscribitur
1004 1923 1084 1960 veri
1119 1923 1324 1971 inquisitio
1359 1912 1622 1977 atqueſsinsfe

370 1989 496 2037 gatio,
527 1997 566 2026 et
597 1989 696 2025 alias
727 1988 898 2036 incepta,
931 1989 1109 2026 virtusne
1137 1989 1270 2026 doceri
1304 1989 1440 2037 possit,
1463 1980 1624 2039 perngit‘,

369 2068 415 2093 ac
446 2055 662 2092 Theaeteto
692 2055 912 2102 disputatio
944 2055 993 2092 de
1022 2054 1449 2103 sapientia-eousque
1467 2048 1611 2097 adduci

370 2130 414 2159 ut
442 2135 465 2158 a
494 2134 609 2159 sensu
646 2119 890 2172 (αἴσθησις)
925 2122 975 2157 ad
1018 2121 1138 2157 animi
1180 2121 1456 2169 perceptiones
1498 2119 1614 2175 (ἄλη

368 2186 464 2235 δόξα
493 2187 591 2239 μετὰ
621 2184 744 2237 λόγου
774 2189 790 2234 )
822 2187 1111 2234 perveniamus.
1619 2230 1621 2232 ,

477 2253 667 2300 Sophista
696 2261 820 2301 atque
851 2253 1016 2290 Politico
1032 2253 1099 2302 qui
1123 2266 1214 2291 curn
1238 2254 1455 2292 Theaeteto
1473 2252 1626 2304 aptissi'
1684 2266 1691 2273 ’

367 2319 594 2361 cohaerent,
626 2332 701 2356 non
745 2320 863 2358 modo
892 2321 1128 2359 rhetoricam
1170 2330 1292 2359 artem
1333 2315 1609 2376 sophistatur'st

445 2403 487 2437 ιι)
511 2401 604 2434 Met„
629 2402 691 2437 111,
717 2379 744 2430 ¹2.

445 2453 488 2489 (2)
512 2453 576 2489 Op.
599 2452 668 2487 cit.,
693 2461 770 2489 pag.
795 2453 854 2481 lx.
